@InProceedings{lean4,
  author="Moura, Leonardo de
  and Ullrich, Sebastian",
  editor="Platzer, Andr{\'e}
  and Sutcliffe, Geoff",
  title="The {Lean} 4 Theorem Prover and Programming Language",
  booktitle="Automated Deduction -- CADE 28",
  year="2021",
  publisher="Springer International Publishing",
  address="Cham",
  pages="625--635",
  isbn="978-3-030-79876-5"
}

@Book{hottbook,
  author =    {The {Univalent Foundations Program}},
  title =     {Homotopy Type Theory: Univalent Foundations of Mathematics},
  publisher = {\url{https://homotopytypetheory.org/book}},
  address =   {Institute for Advanced Study},
  year =      2013
}

@book{hindley-seldin,
  author = {Hindley, J. Roger and Seldin, Jonathan P.},
  year = {2008},
  title = {Lambda-Calculus and Combinators, an Introduction},
  publisher = {Cambridge University Press},
  doi = {10.1017/CBO9780511809835}
}

@misc{lean-type-theory,
  author = {Mario Carneiro},
  title = {The Type Theory of {Lean}},
  howpublished = {\url{https://github.com/digama0/lean-type-theory/releases/download/v1.0/main.pdf}},
  note = {Accessed: 2021-21-15},
  year = 2019
}

@misc{simply-typed-lambda-calculus,
  author = {Wikipedia},
  title = {Simply typed lambda calculus},
  howpublished = {\url{https://en.wikipedia.org/wiki/Simply_typed_lambda_calculus}},
  note = {Accessed: 2021-21-15}
}

@misc{combinators,
  author = {Wikipedia},
  title = {Combinatory logic},
  howpublished = {\url{https://en.wikipedia.org/wiki/Combinatory_logic}},
  note = {Accessed: 2021-21-15}
}

@misc{tarski,
  author = {Wikipedia},
  title = {Universe in type theory},
  howpublished = {\url{https://en.wikipedia.org/wiki/Universe_(mathematics)#In_type_theory}},
  note = {Accessed: 2021-21-15}
}

@misc{von-neumann-ordinals,
  author = {Wikipedia},
  title = {Set-theoretic definition of natural numbers},
  howpublished = {\url{https://en.wikipedia.org/wiki/Set-theoretic_definition_of_natural_numbers}},
  note = {Accessed: 2021-21-15}
}

@misc{curry-howard,
  author = {Wikipedia},
  title = {{Curryâ€“Howard} correspondence},
  howpublished = {\url{https://en.wikipedia.org/wiki/Curry%E2%80%93Howard_correspondence}},
  note = {Accessed: 2021-21-15}
}
